à@book{burenkov,
	author="V. I. Burenkov",
	title= "Sobolev spaces on domains",
	series="Teubner-Texte zur Mathematik",
	year="1998",
}

@book{brezis,
	author="H. Brezis",
	title= "Functional Analysis, Sobolev Spaces and Partial Differential Equations",
	series="Universitext",	
	year="2011",
	publisher="Springer",
}

@article{hestenes,
	author="M. R. Hestenes",
	title ="Extension of the range of a differentiable function.",	
	year="1941",
	journal="Duke Math J. 8",
	pages="183-192",
}

@article{fraenkel,
	author="L. E. Fraenkel",
	title ="Formulae for high derivatives of composite functions",	
	year="1978",
	journal="Mathematical Proceedings of the Cambridge Philosophical Society",
}


@book{stein,
	author="E. M. Stein",
	title= "Singular Integrals and Differentiability Properties of Functions",	
	year="1970",
	publisher="Princeton University Press",
}


@article{whitney1,
	author="H. Whitney",
	title="Functions differentiable on the boundaries of regions",
	year="1934",
	publisher="Ann. of Mathematics vol. 35",
	pages="482-485",
}

@article{whitney2,
	author="H. Whitney",
	title="Analytic extensions of differentiable functions defined in closed sets",
	year="1934",
	journal="Trans. Amer. Math. Soc. no. 1",
	pages="63-89",
}




@article{lamberti,
	author="M. S. Fanciullo; P. D. Lamberti",
	title="On Burenkov's extension operator preserving Sobolev-Morrey spaces on Lipschitz domains",
	year="2017",
	journal="Math. Nachr. 290",
	pages="37-49",
}


@article{calderon,
	author="A. P. Calderon",
	title="Lebesgue spaces of differentiable functions and distributions",
	year="1961",
	journal="Proc. Sympos. Pure Math., Vol. IV",
	pages="33-49",
}


@article{burenkov2,
	author="V. I. Burenkov",
	title="A way of continuing differentiable functions",
	year="1976",
	journal="Trudy Mat. Inst. Steklov. 140",
	pages="27-67",
}


@article{frerick,
	author="L. Frerick",
	title="Stein's extension operator for sets with $\text{Lip}_{\gamma}$ boundary. ",
	year="2007",
	journal="Analysis (Munich) 27, no. 2-3",
	pages="251-259",
}

@article{burenkov3,
	author="V. I. Burenkov;  A. Gogatishvili; V. S. Guliyev; R. C. Mustafayev",
	title="Boundedness of the Riesz potential in local Morrey-type spaces",
	year="2007",
	journal="Potential Anal. 35 , no. 1",
	pages="251-259",
}


